<?xml version="1.0" encoding="UTF-8"?><collection xmlns="http://www.loc.gov/MARC21/slim"><record><leader>00387nam--2200133-i-4500</leader><controlfield tag="001">000022471</controlfield><controlfield tag="002">20161230</controlfield><controlfield tag="005">20161230201034</controlfield><controlfield tag="008">060222s1000------------r-----000-0-eng-d</controlfield><datafield ind1=" " ind2=" " tag="100"><subfield code="a">Hazony Dov</subfield></datafield><datafield ind1=" " ind2=" " tag="245"><subfield code="a">Elements of network synthesis</subfield></datafield><datafield ind1=" " ind2=" " tag="260"><subfield code="a">New York, Reinhold Publishing Corp., 1963. Xx + 352 P</subfield></datafield><datafield ind1=" " ind2=" " tag="490"><subfield code="a">Reinhold Electrical Engineering Sciences Textbook Series</subfield></datafield><datafield ind1=" " ind2=" " tag="852"><subfield code="a">22081</subfield></datafield></record></collection>